@Article{Neocognitron,
    author="Fukushima, Kunihiko",
    title="Neocognitron: A self-organizing neural network model for a mechanism of pattern 
    recognition 
    unaffected by shift in position",
    journal="Biological Cybernetics",
    volume="36",
    number="4",
    pages="193--202",
    issn="1432-0770",
}

@article {lecun-98,
    original =    "orig/lecun-98.ps.gz",
    author = 	"LeCun, Y. and Bottou, L. and Bengio, Y. and Haffner, P.",
    title = 	"Gradient-Based Learning Applied to Document Recognition",
    journal =	"Proceedings of the IEEE",
    month =         "November",
    volume =        "86",
    number =        "11",
    pages =         "2278-2324",
    year =		1998
}

@incollection{NIPS2012_4824,
    title = {ImageNet Classification with Deep Convolutional Neural Networks},
    author = {Alex Krizhevsky and Sutskever, Ilya and Geoffrey E. Hinton},
    booktitle = {Advances in Neural Information Processing Systems 25},
    editor = {F. Pereira and C. J. C. Burges and L. Bottou and K. Q. Weinberger},
    pages = {1097--1105},
    year = {2012},
    publisher = {Curran Associates, Inc.}
}

@article{jia2014caffe,
  Author = {Jia, Yangqing and Shelhamer, Evan and Donahue, Jeff and Karayev, Sergey and Long, 
  Jonathan and Girshick, Ross and Guadarrama, Sergio and Darrell, Trevor},
  Journal = {arXiv preprint arXiv:1408.5093},
  Title = {Caffe: Convolutional Architecture for Fast Feature Embedding},
  Year = {2014}
}

@article{learningmultiple,
    author = {Alex Krizhevsky},
    Title = {Learning multiple layers of features from tiny images},
    institution = {},
    year = {2009}
}